@article{knaut2024entanglement,
  title={\href{https://doi.org/10.1038/s41586-024-07252-z}{Entanglement of nanophotonic quantum memory nodes in a telecom network}},
  author={Knaut, Can M and Suleymanzade, Aziza and Wei, Y-C and Assumpcao, Daniel R and Stas, P-J and Huan, Yan Qi and Machielse, Bartholomeus and Knall, Erik N and Sutula, Madison and Baranes, Gefen and others},
  journal={Nature},
  volume={629},
  number={8012},
  pages={573--578},
  year={2024},
  publisher={Nature Publishing Group UK London}
}
@article{bersin2024telecom,
  title={\href{https://doi.org/10.1103/PRXQuantum.5.010303}{Telecom networking with a diamond quantum memory}},
  author={Bersin, Eric and Sutula, Madison and Huan, Yan Qi and Suleymanzade, Aziza and Assumpcao, Daniel R and Wei, Yan-Cheng and Stas, Pieter-Jan and Knaut, Can M and Knall, Erik N and Langrock, Carsten and others},
  journal={PRX Quantum},
  volume={5},
  number={1},
  pages={010303},
  year={2024},
  publisher={APS}
}